
@article{
	吕晓煜田珮-1,
	Author = {吕晓煜 and 田珮 and 钟志勇 and 陈尚良 and 蒋如意 and 王大威},
	Title = {微生物在包装废弃物降解处理中的应用与研究进展},
	Journal = {绿色包装},
	Number = {10},
	Pages = {48-53},
	Note = {10-1400/TB},
	Abstract = {随着包装废弃物总量的迅速增加,人们越来越重视绿色包装方面的研究与应用。利用微生物对包装废弃物进行降解处理被认为是解决固体废弃物污染最行之有效的技术方案。本文对微生物在包装废弃物降解处理中的降解机理与方式进行了系统介绍,并且对其应用领域与前景进行了深入分析。},
	Keywords = {微生物;;生物降解;;包装废弃物},
	Year = {2019} }




@article{
	邵光辉陈相宇-3,
	Author = {邵光辉 and 陈相宇 and 崔小相},
	Title = {微生物固化垃圾焚烧灰渣强度试验},
	Journal = {林业工程学报},
	Pages = {1-7},
	Note = {32-1862/S},
	Abstract = {垃圾焚烧灰渣(底渣和飞灰)是生活垃圾焚烧发电后的残余固体废弃物,对其进行固化处理和资源化利用是减少该类固体废弃物占用填埋场资源的重要途径。笔者利用微生物诱导碳酸钙沉积固化细粒底渣和飞灰,通过微生物注浆试验研究菌液浓度、胶结液浓度和处理轮数对垃圾焚烧灰渣胶结CaCO3生成量及强度的影响。结果表明,底渣和飞灰都具有一定的水硬性,其水硬固化体的无侧限抗压强度分别为174.46和381.73 kPa。底渣经微生物注浆处理2～10轮后的无侧限抗压强度较水硬固化体分别提高了35.8%～120.0%,飞灰经微生物注浆处理2～10轮后的无侧限抗压强度较水硬固化体则分别提高了9.5%～48.8%。随胶结溶液浓度的增大,微生物固化底渣和飞灰中的CaCO3生成量和无侧限抗压强度提高,但试样的可注性降低。稀释比1∶50、菌液比1∶100的菌液更利于底渣和飞灰胶结强度的提高,未稀释菌液固化效果差。与微生物固化天然砂土和粉土相比,微生物固化底渣和飞灰的无侧限抗压强度随CaCO3含量增加的增幅较缓,微生物固化垃圾焚烧灰渣的胶结效率略低。试验结果证明,微生物固化能有效改善垃圾焚烧灰渣强度的特性,微生物诱导碳酸钙沉积技术在垃圾焚烧灰渣固化处理方面具有一定的发展潜力。},
	Keywords = {垃圾焚烧灰渣;;底渣;;飞灰;;微生物固化;;垃圾处理},
	Year = {2019} }




@article{
	吴远远Segun-4,
	Author = {吴远远 and Segun, Giwa Abdulmoseen and 郑明霞 and 王凯军},
	Title = {基于破碎处理的家庭厨余垃圾减量及其对下水的影响},
	Journal = {环境工程学报},
	Volume = {10},
	Number = {05},
	Pages = {2576-2580},
	Note = {11-5591/X},
	Abstract = {在对我国家庭厨余垃圾的组成及性质、污水管道设计、污水处理厂运行状况的调查研究基础上,初步探讨了基于厨房垃圾粉碎机的家庭厨余垃圾减量及其对下水系统的影响。家庭厨余垃圾生成量(湿重)平均为152 g/(人·d),其中易降解的蔬菜水果垃圾占到77.8%。家庭厨余垃圾的COD∶TN∶TP=400.9∶4.7∶1,可能导致污水处理厂的总COD、TN、TP和氨氮理论提高量分别为66.70、0.86、0.18和0.43 mg/L,会在一定程度上缓解我国污水处理厂碳源不足的现状。厨房垃圾粉碎机使用后,人均用水最大增加量为1.5 L/(人·d),破碎时间短基本介于1~3.5 min之间。破碎后的厨余垃圾颗粒含水率高,密度略大于水,其在管道中起动的临界流速为0.02 m/s远小于0.6 m/s,故因厨房垃圾粉碎机使用引起的污水管网堵塞的可能性小。},
	Keywords = {厨房垃圾粉碎机;;家庭厨余垃圾;;污水处理厂;;污水管网},
	Year = {2016} }



@article{
	周鸣-5,
	Author = {周鸣},
	Title = {环境污水处理中微生物的应用探究},
	Journal = {中小企业管理与科技(中旬刊)},
	Number = {11},
	Pages = {181-182},
	Note = {13-1355/F},
	Abstract = {污水中的微生物属于有机生物,可以通过自身代谢实现对污染物的分解,因此,不会对水质造成二次污染。目前,微生物污水处理技术得到了广泛应用,随着微生物技术的发展,其应用优势不断扩大。论文针对环境污水处理中微生物技术的应用情况进行了分析,以期为未来的环境污水处理提供参考。},
	Keywords = {环境;;污水处理;;微生物;;应用效果},
	Year = {2019} }


@article{
	徐栋沈东升-6,
	Author = {徐栋 and 沈东升 and 冯华军},
	Title = {厨余垃圾的特性及处理技术研究进展},
	Journal = {科技通报},
	Volume = {27},
	Number = {01},
	Pages = {130-135},
	Note = {33-1079/N},
	Abstract = {本文综述了厨余垃圾的来源及特点,介绍了目前厨余垃圾处理的主要技术,包括无害化处理技术、肥料化处理技术、饲料化处理技术以及能源化处理技术4大类处理方法,并对各类资源化技术进行了优缺点分析,为做好厨余垃圾的处理和管理提供借鉴。},
	Keywords = {厨余垃圾;;处理技术;;特点;;堆肥},
	Year = {2011} }




@article{
	刘建国程云-7,
	Author = {刘建国 and 程云},
	Title = {厨余垃圾分类处理应适度适量},
	Journal = {城乡建设},
	Number = {20},
	Pages = {24-26},
	Note = {11-1618/D},
	Abstract = {<正>厨余垃圾分类处理是我国生活垃圾分类中的难点、焦点和痛点。我认为,结合垃圾分类大背景,提出厨余垃圾分类是有必要的,是整个垃圾处理系统优化的节点,也是终端处理系统减量提质增效的着力点。实现厨余垃圾源头分类达标任重而道远,后端处理设施依然是各个城市最为突出的短板,发酵产物实现土地利用成本高昂、障碍重重。对于厨余垃圾分类处理,要"干湿分开,努力方向;积极鼓励,相得益彰;定时定点,适度适量;湿中无干,理所应当;干中无湿,两败俱伤。"},
	Keywords = {厨余垃圾;提质增效;分类收集;着力点;垃圾分类处理;源头分类;垃圾处理系统;},
	Year = {2019} }


@article{
	杨瑒李江华-8,
	Author = {杨瑒 and 李江华 and 段妮娜 and 董滨 and 何群彪},
	Title = {食物垃圾处理器应用的环境经济损益研究},
	Journal = {住宅科技},
	Volume = {31},
	Number = {01},
	Pages = {53-57},
	Note = {31-1407/TU},
	Abstract = {食物垃圾处理器是装在厨房水盆排水口下面的一种机械粉碎小装置,可将食物垃圾粉碎成粒径不大于5mm的颗粒后直接冲入排水系统。食物垃圾处理器的应用实现了生活垃圾在家庭中的源头分流,使城市生活垃圾中的部分食物垃圾从城市垃圾处理系统分离出来,进入城市排水系统。文章通过开展调研及实验分析,研究了在上海推广使用食物垃圾处理器带来的收益和可能出现的问题,评估了食物垃圾处理器的使用对上海市垃圾处理系统及污水处理系统的影响。},
	Keywords = {上海;;食物垃圾处理器;;减量化},
	Year = {2011} }




@article{
	乔雄文-9,
	Author = {乔雄文},
	Title = {在蓝海市场中做长线},
	Journal = {现代家电},
	Number = {17},
	Pages = {54-56},
	Note = {11-4455/TS},
	Abstract = {<正>从"水土不服"到"高光时刻"实际上,垃圾处理器在国内市场的发展经过了一段相当艰难的阶段。从上世纪九十年代开始,垃圾处理器从国外"舶来",在国内走过了十多年漫长的发展历程。包括品类小众化、产品缺乏品牌化、认知盲区化等等,都成为垃圾处理器行业发展的制约因素。最早,垃圾处理器出现在美国。},
	Keywords = {厨余垃圾;终端市场;处理器;垃圾处理;},
	Year = {2019} }



@article{
	冯锋永-10,
	Author = {冯锋永},
	Title = {抓住契机  让它成为市场的“金子”},
	Journal = {现代家电},
	Number = {17},
	Pages = {58-60},
	Note = {11-4455/TS},
	Abstract = {<正>食物垃圾处理器在我国已有20年历史,并非什么新鲜事物,它的准确叫法是"废弃垃圾食物处理器"。这个产品最早是在1927年由美国人发明的,20世纪40年代开始在欧美地区得到规模化应用。抓住契机市场空间巨大根据GEP Research统计,食物垃圾处理器销售主要集中在美国、中国、欧盟等地区。但食物垃圾处理器在中国家庭中的普},
	Keywords = {食物垃圾处理器;厨余垃圾;源头处理;代理商;},
	Year = {2019} }




@article{
	马永征宋宏新李敏康-11,
	Author = {马永征宋宏新李敏康},
	Title = {氯化血红素提取中超声波细胞破碎条件的研究},
	Journal = {陕西科技大学学报},
	Number = {02},
	Pages = {41-44},
	Note = {61-1080/TS},
	Abstract = {将超声波细胞破碎法应用于氯化血红素的提取,研究了破碎功率、时间和红细胞浓度(以红细胞与加入水的比例表示,V红细胞∶V水)对红细胞破碎程度的影响。实验得出,红细胞破碎的最佳条件为:超声波破碎功率为200W,时间为10min,红细胞与加入水的比例为5∶1。},
	Keywords = {超声波;;氯化血红素;;细胞破碎法},
	Year = {2005} }




@article{
	周金虎毛志海-12,
	Author = {周金虎 and 毛志海 and 陈茂彬 and 方尚玲},
	Title = {超声波破碎法提取香草酸脱羧酶条件的优化},
	Journal = {食品工业},
	Volume = {40},
	Number = {07},
	Pages = {155-159},
	Note = {31-1532/TS},
	Abstract = {利用超声波破碎法对Delftia sp. X-a12进行细胞破碎,研究超声波输出功率(W)、工作总时间(min)、菌体质量浓度(g/mL)对细胞破碎的效果,以香草酸脱羧酶酶比活为评判标准。通过单因素试验和响应面试验,获得香草酸脱羧酶酶比活较高的提取条件:超声波输出功率450 W、处理总时间18 min、菌体质量浓度0.12 g/mL,此条件下香草酸脱羧酶酶比活为541.27 U/mL。对粗酶液进行(NH4)2SO4分级沉淀,当(NH4)2SO4饱和度达到60%时,酶比活达到最大,为633.34 U/mL。},
	Keywords = {超声波破碎法;;戴尔福特菌(Delftia sp. X-a12);;香草酸脱羧酶;;响应面法},
	Year = {2019} }




@article{
	郭锁莲廉想-13,
	Author = {郭锁莲 and 廉想 and 于雪 and 边新宇 and 冷晓爱 and 邹蒙 and 张万忠},
	Title = {响应面法优化小球藻超声波破壁技术},
	Journal = {安徽农业科学},
	Volume = {47},
	Number = {12},
	Pages = {178-180+186},
	Note = {34-1076/S},
	Abstract = {小球藻营养丰富且全面,具有重要的生理功能和保健功效,在营养品、保健品、功能食品方面具有良好的应用前景。然而,由于小球藻的细胞壁十分坚硬,破碎困难,胞内的有效成分不易释放,抑制了其产业化发展。因此,一种安全有效的破壁方法是小球藻产业化发展的关键。该研究采用超声波破壁技术处理小球藻,通过单因素试验考察超声时间、超声波功率、料液比对细胞破碎的影响,并进一步采用Box-Behnken试验设计和响应面分析法优化其工艺参数。结果表明:通过单因素试验得到破壁效果的影响力大小依次为超声时间、超声波功率、料液比。Design-Expert 8.0.6软件优化的工艺条件为料液比1∶200(g∶mL)、超声波功率为450 W、超声时间为15 min。该条件下细胞破壁率为79.51%,与模型预测值80%非常接近。采用响应面法对超声波破碎藻细胞条件进行优化合理可行。},
	Keywords = {小球藻;;超声波;;破壁;;响应面法},
	Year = {2019} }


@article{
	刘涛刘宁-14,
	Author = {刘涛 and 刘宁 and 王雅 and 张铁鹏},
	Title = {超声波细胞破碎法提取香蕉皮中水解单宁的工艺研究},
	Journal = {中国调味品},
	Volume = {44},
	Number = {02},
	Pages = {39-44},
	Note = {23-1299/TS},
	Abstract = {以香蕉皮粉末为原料,用超声波细胞破碎法提取水解单宁。选取有机溶剂种类、料液比、体积分数、提取时间和超声功率作为影响因子,以水解单宁的提取率作为响应值,进行单因素实验,在此基础上进行Box-Behnken设计和响应面分析。结果表明,香蕉皮中水解单宁的最佳提取工艺条件为料液比1∶30(g/mL)、丙酮体积分数50%、提取时间15min、超声功率120 W,提取率的预测值为78.03%,实际值为78.11%,说明响应面分析能够很好地对香蕉皮中水解单宁的提取工艺进行优化。},
	Keywords = {香蕉皮;;水解单宁;;超声波细胞破碎;;响应面;;单因素实验},
	Year = {2019} }




@phdthesis{
	裴志胜-15,
	Author = {裴志胜},
	Title = {紫大薯花色苷的分离及其性质研究},
	School = {海南大学},
	Type = {硕士},
	Abstract = {大薯(Dioscorea alata),为薯蓣科薯蓣属(Dioscorea)藤本植物,在海南种植历史悠久。其紫大薯肉呈紫红色,富含花青素类色素。花青素(Anthocyanidin)为类黄酮化合物,是天然食用色素。
	
	本课题选用海南大学农学院薯蓣研究中心提供的大薯品种,对紫大薯花色苷的提取纯化技术及色素的组分、色素纯化物的稳定性、抗氧化性与食品加工性能等方面进行了研究,主要研究结果如下：
	
	1.紫大薯花色苷的超声波细胞破碎法提取工艺研究
	
	超声波细胞破碎法提取紫大薯花色苷工艺的主要影响因素为料液比、提取时间、超声波振幅、提取温度。响应面试验结果分析显示,超声波细胞破碎法提取紫大薯花色苷的实验室最佳工艺条件为：料液比为1：36(g/mL)、提取时间为122s、振幅为63%、温度为37℃,在该条件下花色苷提取率达76.35%。
	
	2.紫大薯花色苷的超声--微波协同萃取法(UMAE)提取工艺研究
	
	采用Box-Behnken型的中心组合试验设计优化紫大薯花色苷的超声--微波协同萃取(UMAE)工艺。分别采用时间与恒温两种模式,在单因素试验的基础上,以花色苷提取率为响应值,采用三因素三水平的响应面分析法进行试验。结果表明：恒温模式时,在额定超声功率为50W条件下,料液比为1：48g/mL、萃取时间为283s、微波控制温度为46℃时,在此工艺条件下的紫大薯的提取率达79.38%,较时间模式下高10.63%。
	
	3.紫大薯花色苷的纯化工艺研究
	
	采用AB-8大孔树脂对该色素粗提液进行纯化,其较优的试验条件为：料液pH为3.4,吸附温度25℃,解析条件：40%乙醇(体积分数)。树脂在循环使用5次后,色素的收率保持于85%以上。
	
	4.紫大薯花色苷组分的初步推测
	
	HPLC-MS/MS分析推测得3种紫大薯花色苷的成份,分别是：芍药色素-3-木糖鼠李糖苷、矢车菊3-(咖啡酰基)(芥子酰基)-葡萄糖二苷-5-(芥子酰基)葡萄糖苷、矢车菊3-(芥子酰基)-二葡萄糖苷-5-(芥子酰基)-葡萄糖苷。
	
	5.紫大薯花色苷稳定性试验
	
	紫大薯花色苷在酸性条件下的稳定性要高于碱性条件下,且在12h内的热处理条件下比较稳定,但需要在避光的条件下保存；在本试验选取的离子浓度范围内Fe3+、Fe2+、Mg2+、Cu2+、K+的存在对紫大薯花色苷的吸光度及颜色不良都有影响,A13+的存在对紫大薯花色苷有增色的效果。在本试验选取的添加量范围内(GB276O—1996),蔗糖、苯甲酸钠、山梨酸钠对紫大薯花色苷的影响不大,但味精与阿拉伯胶对紫大薯花色苷均存在增色的效果。
	
	6.紫大薯花色苷的性质研究
	
	以紫大薯花色苷纯化提取物为试验材料,以抗坏血酸作为对照,研究了其对DPPH自由基和对ABTS自由基的清除能力以及对Fe3+的还原能力。试验结果表明,紫大薯花色苷纯化物溶液具有显著的抗氧化作用,样品的抗氧化作用强于抗坏血酸,对DPPH自由基和对ABTS自由基的清除能力以及对Fe3+的还原能力均随着样品的浓度升高而升高,结果表明紫大薯花色苷纯化物具有一定的抗氧化能力。
	
	创新点：首次采用超声波细胞破碎法与超声--微波协同萃取法(UMAE)对海南产紫大薯花色苷进行提取；首次对海南产紫大薯花色苷的结构进行了初步推测鉴定。
	
	论文工作得到了教育部高等学校博士学科点专项科研基金(No.20080565000)；农业部热带作物种质资源保护专项(No.10RZZY-33)；海南大学211工程建设创新人才培养项目。},
	Keywords = {紫大薯;;花色苷;;提取纯化;;鉴定;;理化性质},
	Year = {2012} }













